%%%%%
@book{russell2010artificial,
  author    = {Russell, Stuart and Norvig, Peter},
  title     = {Artificial {I}ntelligence : {A} {M}odern {A}pproach},
  publisher = {Pearson},
  year      = {2010},
  series    = {Prentice Hall {S}eries in {A}rtificial {I}ntelligence},
  address   = {Boston},
  edition   = {third},
  pages     = {4-8}
}

%%%%%
@incollection{carbonell1983overview,
  author    = {Carbonell, Jaime G and Michalski, Ryszard S and Mitchell, Tom M},
  title     = {An {O}verview of {M}achine {L}earning},
  booktitle = {Machine {L}earning},
  publisher = {Springer},
  year      = {1983},
  pages     = {3-23}
}

%%%%%
@book{american2015global,
  author    = {American Cancer Society},
  title     = {Global {C}ancer {F}acts \& {F}igures},
  publisher = {American Cancer Society},
  year      = {2015},
  address   = {Atlanta},
  edition   = {third},
  pages     = {37}
}

%%%%%
@book{mitchell1997machine,
  title     = {Machine {L}earning},
  author    = {Mitchell, T.M.},
  isbn      = {9780070428072},
  lccn      = {97007692},
  series    = {McGraw-Hill international editions - computer science series},
  year      = {1997},
  publisher = {McGraw-Hill Education},
  pages     = {2}
}

%%%%%
@article{dayhoff2001artificial,
  title     = {Artificial neural networks},
  author    = {Dayhoff, Judith E and DeLeo, James M},
  journal   = {Cancer},
  volume    = {91},
  number    = {S8},
  pages     = {1615--1635},
  year      = {2001},
  publisher = {Wiley Online Library}
}

%%%%%
@article{leshno1993multilayer,
  title     = {Multilayer feedforward networks with a nonpolynomial activation function can approximate any function},
  author    = {Leshno, Moshe and Lin, Vladimir Ya and Pinkus, Allan and Schocken, Shimon},
  journal   = {Neural networks},
  volume    = {6},
  number    = {6},
  pages     = {861--867},
  year      = {1993},
  publisher = {Elsevier}
}

%%%%%
@article{karlik2011performance,
  title   = {Performance analysis of various activation functions in generalized {MLP} architectures of neural networks},
  author  = {Karlik, Bekir and Olgac, A Vehbi},
  journal = {International Journal of Artificial Intelligence and Expert Systems},
  volume  = {1},
  number  = {4},
  pages   = {111--122},
  year    = {2011}
}

%%%%%
@article{rumelhart1988backpropagating,
  author    = {Rumelhart, David E. and Hinton, Geoffrey E. and Williams, Ronald J.},
  title     = {Learning representations by back-propagating errors},
  journal   = {Nature},
  year      = {1986},
  publisher = {Nature Publishing Group},
  volume    = {323},
  pages     = {533--536},
  url       = {http://dx.doi.org/10.1038/323533a0}
}

%%%%%
@article{lecun2015deep,
  title     = {Deep learning},
  author    = {LeCun, Yann and Bengio, Yoshua and Hinton, Geoffrey},
  journal   = {Nature},
  volume    = {521},
  number    = {7553},
  pages     = {436--444},
  year      = {2015},
  publisher = {Nature Research}
}

%%%%%
@article{lecun1998gradient,
  title     = {Gradient-based learning applied to document recognition},
  author    = {LeCun, Yann and Bottou, L{\'e}on and Bengio, Yoshua and Haffner, Patrick},
  journal   = {Proceedings of the IEEE},
  volume    = {86},
  number    = {11},
  pages     = {2278--2324},
  year      = {1998},
  publisher = {IEEE}
}

%%%%%
@inproceedings{krizhevsky2012imagenet,
  title     = {Imagenet classification with deep convolutional neural networks},
  author    = {Krizhevsky, Alex and Sutskever, Ilya and Hinton, Geoffrey E},
  booktitle = {Advances in neural information processing systems},
  pages     = {1097--1105},
  year      = {2012}
}

%%%%%
@article{simonyan2014very,
  author    = {Christian Szegedy and Wei Liu and Yangqing Jia and Pierre Sermanet and Scott E. Reed and Dragomir Anguelov and Dumitru Erhan and Vincent Vanhoucke and Andrew Rabinovich},
  title     = {Going Deeper with Convolutions},
  journal   = {CoRR},
  volume    = {abs/1409.4842},
  year      = {2014},
  url       = {http://arxiv.org/abs/1409.4842},
  eprint    = {1409.4842},
  timestamp = {Wed, 07 Jun 2017 14:40:42 +0200},
  biburl    = {http://dblp.org/rec/bib/journals/corr/SzegedyLJSRAEVR14},
  bibsource = {dblp computer science bibliography, http://dblp.org}
}

%%%%%
@inproceedings{long2015fully,
  author    = {Long, Jonathan and Shelhamer, Evan and Darrell, Trevor},
  title     = {Fully Convolutional Networks for Semantic Segmentation},
  booktitle = {The IEEE Conference on Computer Vision and Pattern Recognition (CVPR)},
  month     = {June},
  year      = {2015}
}

%%%%%
@article{ji20133d,
  title     = {{3D} convolutional neural networks for human action recognition},
  author    = {Ji, Shuiwang and Xu, Wei and Yang, Ming and Yu, Kai},
  journal   = {IEEE transactions on pattern analysis and machine intelligence},
  volume    = {35},
  number    = {1},
  pages     = {221--231},
  year      = {2013},
  publisher = {IEEE}
}


%%%%%
@article{diba2016efficient,
  author    = {Ali Diba and Ali Mohammad Pazandeh and Luc Van Gool},
  title     = {Efficient Two-Stream Motion and Appearance {3D CNNs} for Video Classification},
  journal   = {CoRR},
  volume    = {abs/1608.08851},
  year      = {2016},
  url       = {http://arxiv.org/abs/1608.08851},
  eprint    = {1608.08851},
  timestamp = {Wed, 07 Jun 2017 14:42:45 +0200},
  biburl    = {http://dblp.org/rec/bib/journals/corr/DibaPG16},
  bibsource = {dblp computer science bibliography, http://dblp.org}
}

%%%%%
@inproceedings{maturana2015voxnet,
  title        = {Voxnet: A {3D} convolutional neural network for real-time object recognition},
  author       = {Maturana, Daniel and Scherer, Sebastian},
  booktitle    = {Intelligent Robots and Systems (IROS), 2015 IEEE/RSJ International Conference on},
  pages        = {922--928},
  year         = {2015},
  organization = {IEEE}
}

%%%%%
@inproceedings{socher2012convolutional,
  title     = {Convolutional-recursive deep learning for {3D} object classification},
  author    = {Socher, Richard and Huval, Brody and Bath, Bharath and Manning, Christopher D and Ng, Andrew Y},
  booktitle = {Advances in Neural Information Processing Systems},
  pages     = {656--664},
  year      = {2012}
}

%%%%%
@inproceedings{huang2016point,
  title        = {Point cloud labeling using {3D} convolutional neural network},
  author       = {Huang, Jing and You, Suya},
  booktitle    = {Pattern Recognition (ICPR), 2016 23rd International Conference on},
  pages        = {2670--2675},
  year         = {2016},
  organization = {IEEE}
}

%%%%%
@article{kamnitsas2017efficient,
    title    = {Efficient multi-scale 3D CNN with fully connected CRF for accurate brain lesion segmentation},
    journal  = {Medical Image Analysis},
    volume   = {36},
    number   = {Supplement C},
    pages    = {61 - 78},
    year     = {2017},
    issn     = {1361-8415},
    doi      = {https://doi.org/10.1016/j.media.2016.10.004},
    url      = {http://www.sciencedirect.com/science/article/pii/S1361841516301839},
    author   = {Konstantinos Kamnitsas and Christian Ledig and Virginia F.J. Newcombe and Joanna P. Simpson and Andrew D. Kane and David K. Menon and Daniel Rueckert and Ben Glocker},
    keywords = {3D convolutional neural network, Fully connected CRF, Segmentation, Brain lesions, Deep learning}
}

%%%%%
@article{hochreiter1997long,
    author  = { Sepp Hochreiter  and  Jürgen Schmidhuber },
    title   = {Long Short-Term Memory},
    journal = {Neural Computation},
    volume  = {9},
    number  = {8},
    pages   = {1735-1780},
    year    = {1997},
    doi     = {10.1162/neco.1997.9.8.1735}
}

%%%%%
@article{hochreiter1998vanishing,
  title     = {The vanishing gradient problem during learning recurrent neural nets and problem solutions},
  author    = {Hochreiter, Sepp},
  journal   = {International Journal of Uncertainty, Fuzziness and Knowledge-Based Systems},
  volume    = {6},
  number    = {02},
  pages     = {107--116},
  year      = {1998},
  publisher = {World Scientific}
}

%%%%%
@inproceedings{mirowski2010dynamic,
  title     = {Dynamic auto-encoders for semantic indexing},
  author    = {Mirowski, Piotr and Ranzato, M and LeCun, Yann},
  booktitle = {Proceedings of the NIPS 2010 Workshop on Deep Learning},
  pages     = {1--9},
  year      = {2010}
}

%%%%%
@article{high2012era,
  title   = {The era of cognitive systems: An inside look at ibm watson and how it works},
  author  = {High, Rob},
  journal = {IBM Corporation, Redbooks},
  year    = {2012}
}

%%%%%
@inbook{rozanov1982markov,
  author    = {Rozanov, Yu. A.},
  title     = {Markov Random Fields},
  bookTitle = {Markov Random Fields},
  year      = {1982},
  publisher = {Springer New York},
  address   = {New York, NY},
  pages     = {55--102},
  isbn      = {978-1-4613-8190-7},
  doi       = {10.1007/978-1-4613-8190-7_2},
  url       = {https://doi.org/10.1007/978-1-4613-8190-7_2}
}

%%%%%
@book{dhawan2011medical,
  title     = {Medical Image Analysis},
  author    = {Dhawan, Atam P.},
  publisher = {John Wiley \& Sons - IEEE Press},
  isbn      = {978-0-470-62205-6},
  year      = {2011},
  series    = {IEEE Press series in biomedical engineering.},
  edition   = {2ª},
}

%%%%%
@article{karssemeijer1988recognition,
  title     = {Recognition of organs in {CT}-image sequences: a model guided approach},
  author    = {Karssemeijer, Nico and Leon, J. T. O. and Eijkman, E. G.},
  journal   = {Computers and biomedical research},
  volume    = {21},
  number    = {5},
  pages     = {434--448},
  year      = {1988},
  publisher = {Elsevier}
}

%%%%%
@article{punia2013review,
  title   = {Review on machine learning techniques for automatic segmentation of liver images},
  author  = {Punia, Ritu and Singh, Shailendra},
  journal = {International Journal},
  volume  = {3},
  number  = {4},
  year    = {2013}
}

%%%%%
@article{wolberg1994machine,
  title     = {Machine learning techniques to diagnose breast cancer from image-processed nuclear features of fine needle aspirates},
  author    = {Wolberg, William H. and Street, W. Nick and Mangasarian, O. L.},
  journal   = {Cancer letters},
  volume    = {77},
  number    = {2-3},
  pages     = {163--171},
  year      = {1994},
  publisher = {Elsevier}
}

%%%%%
@inproceedings{lopez2007breast,
  title        = {Breast cancer diagnosis based on a suitable combination of deformable models and artificial neural networks techniques},
  author       = {L{\'o}pez, Yosvany and Novoa, Andra and Guevara, Miguel A and Silva, Augusto},
  booktitle    = {Iberoamerican Congress on Pattern Recognition},
  pages        = {803--811},
  year         = {2007},
  organization = {Springer}
}

%%%%%
@article{hunt2012diseases,
  title   = {Diseases of the breast},
  author  = {Hunt, Kelly K and Green, Marjorie C and Buchholz, Thomas A},
  journal = {Sabiston Textbook of Surgery. 19th ed. St. Louis, MO: Elsevier Saunders},
  year    = {2012}
}


%%%%%
@article{starting2012mammography,
  title   = {Mammography Screening for Breast Cancer},
  journal = {New England Journal of Medicine},
  volume  = {367},
  number  = {21},
  pages   = {e31},
  year    = {2012},
  doi     = {10.1056/NEJMclde1212888},
  note    = {PMID: 23171121},
  URL     = {http://dx.doi.org/10.1056/NEJMclde1212888},
  eprint  = {http://dx.doi.org/10.1056/NEJMclde1212888}
}

%%%%%
@article{sahiner1996classification,
  author  = {B. Sahiner and Heang-Ping Chan and N. Petrick and Datong Wei and M. A. Helvie and D. D. Adler and M. M. Goodsitt},
  journal = {IEEE Transactions on Medical Imaging},
  title   = {Classification of mass and normal breast tissue: a convolution neural network classifier with spatial domain and texture images},
  year    = {1996},
  volume  = {15},
  number  = {5},
  pages   = {598-610},
  doi     = {10.1109/42.538937},
  issn    = {0278-0062},
  month   = {Oct}
}

%%%%%
@inproceedings{fonseca2015automatic,
  title     = {Automatic breast density classification using a convolutional neural network architecture search procedure},
  author    = {Fonseca, Pablo and Mendoza, Julio and Wainer, Jacques and Ferrer, Jose and Pinto, Joseph and Guerrero, Jorge and Castaneda, Benjamin},
  booktitle = {Proc. of SPIE Vol},
  volume    = {9414},
  pages     = {941428--1},
  year      = {2015}
}

%%%%%
@article{huynh2016digital,
  author    = {Huynh, Benjamin Q and Li, Hui and Giger, Maryellen L},
  title     = {Digital mammographic tumor classification using transfer learning from deep convolutional neural networks},
  journal   = {Journal of Medical Imaging},
  volume    = {3},
  number    = {3},
  pages     = {034501--034501},
  year      = {2016},
  publisher = {International Society for Optics and Photonics},
  doi       = {10.1117/1.JMI.3.3.034501},
  URL       = {http://dx.doi.org/10.1117/1.JMI.3.3.034501},
}

%%%%%
@article{dalmis2017using,
  author  = {Dalmış, Mehmet Ufuk and Litjens, Geert and Holland, Katharina and Setio, Arnaud and Mann, Ritse and Karssemeijer, Nico and Gubern-Mérida, Albert},
  title   = {Using deep learning to segment breast and fibroglandular tissue in MRI volumes},
  journal = {Medical Physics},
  volume  = {44},
  number  = {2},
  issn    = {2473-4209},
  url     = {http://dx.doi.org/10.1002/mp.12079},
  doi     = {10.1002/mp.12079},
  pages   = {533--546},
  year    = {2017},
}

%%%%%
@inproceedings{fotin2016detection,
  title     = {Detection of soft tissue densities from digital breast tomosynthesis: comparison of conventional and deep learning approaches},
  author    = {Fotin, Sergei V and Yin, Yin and Haldankar, Hrishikesh and Hoffmeister, Jeffrey W and Periaswamy, Senthil},
  booktitle = {Proc. SPIE},
  volume    = {9785},
  year      = {2016}
}

%%%%%
@inbook{dhungel2016automated,
  author    = "Dhungel, Neeraj and Carneiro, Gustavo and Bradley, Andrew P.",
  editor    = "Ourselin, Sebastien and Joskowicz, Leo and Sabuncu, Mert R. and Unal, Gozde and Wells, William",
  title     = "The Automated Learning of Deep Features for Breast Mass Classification from Mammograms",
  bookTitle = "Medical Image Computing and Computer-Assisted Intervention -- MICCAI 2016: 19th International Conference, Athens, Greece, October 17-21, 2016, Proceedings, Part II",
  year      = "2016",
  publisher = "Springer International Publishing",
  address   = "Cham",
  pages     = "106--114",
  isbn      = "978-3-319-46723-8",
  doi       = "10.1007/978-3-319-46723-8_13",
  url       = "https://doi.org/10.1007/978-3-319-46723-8_13"
}

%%%%%
@article{kooi2016large,
  author  = {Thijs Kooi and Geert Litjens and Bram van Ginneken and Albert Gubern-Mérida and Clara I. Sánchez and Ritse Mann and Ard den Heeten and Nico Karssemeijer},
  title   = {Large scale deep learning for computer aided detection of mammographic lesions},
  journal = {Medical Image Analysis},
  volume  = {35},
  pages   = {303 - 312},
  year    = {2017},
  issn    = {1361-8415},
  doi     = {https://doi.org/10.1016/j.media.2016.07.007},
  url     = {http://www.sciencedirect.com/science/article/pii/S1361841516301244}
}

%%%%%
@article{arevalo2016representation,
  title     = {Representation learning for mammography mass lesion classification with convolutional neural networks},
  author    = {Arevalo, John and Gonz{\'a}lez, Fabio A and Ramos-Poll{\'a}n, Ra{\'u}l and Oliveira, Jose L and Guevara Lopez, Miguel Angel},
  journal   = {Computer methods and programs in biomedicine},
  volume    = {127},
  pages     = {248--257},
  year      = {2016},
  publisher = {Elsevier}
}

%%%%%
@article{moura2013evaluation,
  author  = "Moura, Daniel C. and Guevara Lopez, Miguel A.",
  title   = "An evaluation of image descriptors combined with clinical data for breast cancer diagnosis",
  journal = "International Journal of Computer Assisted Radiology and Surgery",
  year    = "2013",
  month   = "Jul",
  day     = "01",
  volume  = "8",
  number  = "4",
  pages   = "561--574",
  issn    = "1861-6429",
  doi     = "10.1007/s11548-013-0838-2",
  url     = "https://doi.org/10.1007/s11548-013-0838-2"
}

%%%%%
@inproceedings{lopez2012bcdr,
  title={{BCDR}: a breast cancer digital repository},
  author={Guevara Lopez, Miguel A. and Posada, NG and Moura, Daniel C and Poll{\'a}n, Ra{\'u}l Ramos and Valiente, Jos{\'e} M Franco and Ortega, C{\'e}sar Su{\'a}rez and Solar, M and Diaz-Herrero, G and Ramos, IMAP and Loureiro, J and others},
  booktitle={15th International Conference on Experimental Mechanics},
  year={2012}
}

%%%%%
@article{szegedy2015rethinking,
  author    = {Christian Szegedy and
               Vincent Vanhoucke and
               Sergey Ioffe and
               Jonathon Shlens and
               Zbigniew Wojna},
  title     = {Rethinking the Inception Architecture for Computer Vision},
  journal   = {CoRR},
  volume    = {abs/1512.00567},
  year      = {2015},
  url       = {http://arxiv.org/abs/1512.00567},
  archivePrefix = {arXiv},
  eprint    = {1512.00567},
  timestamp = {Wed, 07 Jun 2017 14:40:22 +0200},
  biburl    = {https://dblp.org/rec/bib/journals/corr/SzegedyVISW15},
  bibsource = {dblp computer science bibliography, https://dblp.org}
}
